

@electronic{arbor,
    Author = {Jose Nazario},
    Title = {Twitter-based Botnet Command Channel},
    Howpublished = {\url{http://www.arbornetworks.com/asert/2009/08/twitter-based-botnet-command-channel/}}
}

@electronic{trendmicro,
    Author = {Ranieri Romera},
    Title = {Discerning Relationships: The Mexican Botnet Connection},
    Howpublished = {\url{http://www.trendmicro.com/cloud-content/us/pdfs/security-intelligence/white-papers/wp_discerning-relationships__mexican-botnet.pdf}}
}

@electronic{cryptome,
    Title = {Massive Twitter Botnet},
    Howpublished = {\url{http://cryptome.org/2014/03/massive-twitter-botnet.htm}}
}

@article{socialnetworking,
  title={Social Networking for Botnet Command and Control.},
  author={Singh, Ashutosh and Toderici, Annie H and Ross, Kevin and Stamp, Mark},
  journal={International Journal of Computer Network \& Information Security},
  volume={5},
  number={6},
  year={2013}
}

@electronic{trojan7,
    author = {Trojan7Malware},
    title = {Botnet using twitter as the c&c},
    howpublished = {\url{http://trojan7malware.blogspot.com/2013/06/botnet-using-twitter-as-c.html}}
}

@electronic{flashback,
    author = {Peter James},
    title = {Flashback Mac Malware Uses Twitter as Command and Control Center},
    howpublished = {\url{http://www.intego.com/mac-security-blog/flashback-mac-malware-uses-twitter-as-command-and-control-center/}}
}

@article{botsniffer,
  title={BotSniffer: Detecting botnet command and control channels in network traffic},
  author={Gu, Guofei and Zhang, Junjie and Lee, Wenke},
  year={2008}
}

@incollection{kartaltepe,
year={2010},
isbn={978-3-642-13707-5},
booktitle={Applied Cryptography and Network Security},
volume={6123},
series={Lecture Notes in Computer Science},
editor={Zhou, Jianying and Yung, Moti},
doi={10.1007/978-3-642-13708-2_30},
title={Social Network-Based Botnet Command-and-Control: Emerging Threats and Countermeasures},
url={http://dx.doi.org/10.1007/978-3-642-13708-2_30},
publisher={Springer Berlin Heidelberg},
keywords={Botnet; command-and-control; social networks; security},
author={Kartaltepe, ErhanJ. and Morales, JoseAndre and Xu, Shouhuai and Sandhu, Ravi},
pages={511-528}
}

@incollection{burghouwt,
year={2011},
isbn={978-3-642-25559-5},
booktitle={Information Systems Security},
volume={7093},
series={Lecture Notes in Computer Science},
editor={Jajodia, Sushil and Mazumdar, Chandan},
doi={10.1007/978-3-642-25560-1_9},
title={Towards Detection of Botnet Communication through Social Media by Monitoring User Activity},
url={http://dx.doi.org/10.1007/978-3-642-25560-1_9},
publisher={Springer Berlin Heidelberg},
author={Burghouwt, Pieter and Spruit, Marcel and Sips, Henk},
pages={131-143}
}

@article{botnet_survey,
title = "Botnets: A survey ",
journal = "Computer Networks ",
volume = "57",
number = "2",
pages = "378 - 403",
year = "2013",
note = "Botnet Activity: Analysis, Detection and Shutdown ",
issn = "1389-1286",
doi = "http://dx.doi.org/10.1016/j.comnet.2012.07.021",
url = "http://www.sciencedirect.com/science/article/pii/S1389128612003568",
author = "Sérgio S.C. Silva and Rodrigo M.P. Silva and Raquel C.G. Pinto and Ronaldo M. Salles",
keywords = "Botnet",
keywords = "Bot",
keywords = "Malware",
keywords = "\{DDoS\}",
keywords = "Botnet detection",
keywords = "Network security "
}


@inproceedings{stegobot,
  title={Stegobot: a covert social network botnet},
  author={Nagaraja, Shishir and Houmansadr, Amir and Piyawongwisal, Pratch and Singh, Vijit and Agarwal, Pragya and Borisov, Nikita},
  booktitle={Information Hiding},
  pages={299--313},
  year={2011},
  organization={Springer}
}

@incollection{skype,
year={2010},
isbn={978-3-642-14214-7},
booktitle={Detection of Intrusions and Malware, and Vulnerability Assessment},
volume={6201},
series={Lecture Notes in Computer Science},
editor={Kreibich, Christian and Jahnke, Marko},
doi={10.1007/978-3-642-14215-4_5},
title={Take a Deep Breath: A Stealthy, Resilient and Cost-Effective Botnet Using Skype},
url={http://dx.doi.org/10.1007/978-3-642-14215-4_5},
publisher={Springer Berlin Heidelberg},
author={Nappa, Antonio and Fattori, Aristide and Balduzzi, Marco and Dell’Amico, Matteo and Cavallaro, Lorenzo},
pages={81-100}
}


@electronic{pastbin,
    Title={Pastebin},
    Howpublished={http://pastebin.com/},
}

@article{botdetect,
  title={Detecting Automation of Twitter Accounts: Are You a Human, Bot, or Cyborg?},
  author={Chu, Zi and Gianvecchio, Steven and Wang, Haining and Jajodia, Sushil},
  journal={Dependable and Secure Computing, IEEE Transactions on},
  volume={9},
  number={6},
  pages={811--824},
  year={2012},
  publisher={IEEE}
}

@incollection{spambotML,
  title={Detecting spam bots in online social networking sites: a machine learning approach},
  author={Wang, Alex Hai},
  booktitle={Data and Applications Security and Privacy XXIV},
  pages={335--342},
  year={2010},
  publisher={Springer}
}

@inproceedings{socialnet_spam,
  title={Detecting spammers on social networks},
  author={Stringhini, Gianluca and Kruegel, Christopher and Vigna, Giovanni},
  booktitle={Proceedings of the 26th Annual Computer Security Applications Conference},
  pages={1--9},
  year={2010},
  organization={ACM}
}
